<record><leader>00000cas a22000007a 4500</leader><controlfield tag="001">17655680</controlfield><controlfield tag="008">880321d19471976ohuwr ne      0    0eng d</controlfield><datafield ind1=" " ind2=" " tag="010"><subfield code="a">sn 88078297 </subfield></datafield><datafield ind1=" " ind2=" " tag="040"><subfield code="a">ONP</subfield><subfield code="b">eng</subfield><subfield code="c">ONP</subfield><subfield code="d">OCLCQ</subfield></datafield><datafield ind1=" " ind2=" " tag="042"><subfield code="a">msc</subfield></datafield><datafield ind1="0" ind2="0" tag="245"><subfield code="a">Wellsville press.</subfield></datafield><datafield ind1="1" ind2="3" tag="246"><subfield code="a">Wellsville, Ohio, press</subfield></datafield><datafield ind1=" " ind2=" " tag="260"><subfield code="a">Wellsville, Ohio :</subfield><subfield code="b">Irving J. Zweig,</subfield><subfield code="c">-1976.</subfield></datafield><datafield ind1=" " ind2=" " tag="300"><subfield code="a">v.</subfield></datafield><datafield ind1=" " ind2=" " tag="310"><subfield code="a">Weekly</subfield></datafield><datafield ind1="1" ind2=" " tag="362"><subfield code="a">Began Jan. 1947.</subfield></datafield><datafield ind1="0" ind2=" " tag="362"><subfield code="a">-v. 29, no. 48 (Dec. 2, 1976).</subfield></datafield><datafield ind1=" " ind2=" " tag="500"><subfield code="a">Purchased from J.N. Johnson by I.J. Zweig in 1949; sold by I.J. Zweig in 1955.</subfield></datafield><datafield ind1=" " ind2=" " tag="588"><subfield code="a">Description based on: Vol. 4 (June 30, 1955).</subfield></datafield><datafield ind1=" " ind2=" " tag="752"><subfield code="a">United States</subfield><subfield code="b">Ohio</subfield><subfield code="c">Columbiana</subfield><subfield code="d">Wellsville.</subfield></datafield><datafield ind1="0" ind2="4" tag="785"><subfield code="t">Morning journal (East Palestine, Ohio ed.)</subfield><subfield code="w">(DLC)sn 88078309</subfield><subfield code="w">(OCoLC)17655473</subfield></datafield></record>